

@Article{hoel1958,
author = {Hoel, P. G.},
title = {Efficiency problems in polynomial estimation},
journal = {Annals of Mathematical Statistics},
year = {1958},
volume = {29},
number = {4},
pages = {1134--1145},
}


@Article{studden1980,
author = {Studden, W. J.},
title = {$\mathrm{D}_s$-optimal designs for polynomial regression using continued fractions},
journal = {Annals of Statistics},
year = {1980},
volume = {8},
number = {5},
pages = {1132--1141},
}

@Article{dette1990,
author = {Dette, H.},
title = {A generalization of $\mathrm{D}$- and $\mathrm{D}_1$-optimal designs in polynomial regression},
journal = {Annals of Statistics},
year = {1990},
volume = {18},
pages = {1784--1805},
}

@Article{dette2001,
author = {Dette, H. and Franke, T.},
title = {Robust designs for polynomial regression by maximizing a minimum of $\mathrm{D}$- and $\mathrm{D}_1$-efficiencies},
journal = {Annals of Statistics},
year = {1990},
volume = {29},
number = {4},
pages = {1024--1049},
}

@Article{pukelsheim1993,
author = {Pukelsheim, F. and Studden, W. J.},
title = {$\mathrm{E}$-optimal designs for polynomial regression},
journal = {Annals of Statistics},
year = {1990},
volume = {21},
number = {1},
pages = {402--415},
}

@Article{dette1993,
author = {Dette, H.},
title = {A note on $\mathrm{E}$-optimal designs for weighted polynomial regression},
journal = {Annals of Statistics},
year = {1990},
volume = {21},
number = {2},
pages = {767--771},
}

@Article{heiligers1994,
author = {Heiligers, B.},
title = {$\mathrm{E}$-optimal designs in weighted polynomial regression},
journal = {Annals of Statistics},
year = {1994},
volume = {22},
number = {2},
pages = {917--929},
}


@Article{dette1993_2,
author = {Dette, H. and Studden, W. J.},
title = {Geometry of $\mathrm{E}$-optimality},
journal = {Annals of Statistics},
year = {1993},
volume = {21},
number = {1},
pages = {416--433},
}

@Article{elfving1952,
author = {Elfving, G.},
title = {Optimal allocation in linear regression theory},
journal = {The Annals of Mathematical Statistics},
year = {1952},
volume = {23},
pages = {255--262},
}

@Article{kiefer1974,
author = {Kiefer, J.},
title = {General Equivalence Theory for Optimum Designs (Approximate Theory)},
journal = {The Annals of Statistics},
year = {1974},
volume = {2},
number = {5},
pages = {416--433},
}

@Article{hoel1964,
author = {Hoel, P. G. and Levine, A.},
title = {Optimal spacing and weighting in polynomial prediction},
journal = {The Annals of Statistics},
year = {1964},
volume = {35},
number = {4},
pages = {1553--1560},
}

@Article{melas2010,
author = {Dette, H. and Melas, V. and  Pepelyshev A.},
title = {Optimal designs for estimating the slope of a regression},
journal = {Statistics},
year = {2010},
volume = {44},
number = {6},
pages = {617--628},
}

@TECHREPORT{lbfgsb,
    author = {Ciyou Zhu and Richard H. Byrd and Peihuang Lu and Jorge Nocedal},
    title = {L-BFGS-B - Fortran Subroutines for Large-Scale Bound Constrained Optimization},
    institution = {ACM Trans. Math. Software},
    year = {1994}
}

@Article{diffevol,
author="Storn, Rainer
and Price, Kenneth",
title="Differential Evolution -- A Simple and Efficient Heuristic for global Optimization over Continuous Spaces",
journal="Journal of Global Optimization",
year="1997",
month="Dec",
day="01",
volume="11",
number="4",
pages="341--359",
issn="1573-2916",
doi="10.1023/A:1008202821328"
}

@book{lawson1995solving,
  title={Solving least squares problems},
  author={Lawson, Charles L and Hanson, Richard J},
  volume={15},
  year={1995},
  publisher={Siam}
}

@Misc{scipy,
  author =    {Eric Jones and Travis Oliphant and Pearu Peterson and others},
  title =     {{SciPy}: Open source scientific tools for {Python}},
  year =      {2001--},
  url = "http://www.scipy.org/",
}

@article{numpy,
  title={The NumPy array: a structure for efficient numerical computation},
  author={Van Der Walt, Stefan and Colbert, S Chris and Varoquaux, Gael},
  journal={Computing in Science \& Engineering},
  volume={13},
  number={2},
  pages={22},
  year={2011},
  publisher={IEEE Computer Society}
}


@article{melasmain,
  title={Some explicit solutions ofc-optimal design problems for polynomial regression with no intercept},
  author={Dette, H. and Melas, V. and Shpilev, P.},
  journal={Annals of the Institute of Statistical Mathematics},
  year={2019},
}


@PhdThesis{sahmphd,
title = {Optimal designs for estimating individual coefficients in polynomial regression},
author = {Sahm, M.},
school = {Fakultät für Mathematik, Ruhr-Universität Bochum, Germany.},
year = {1998}
}












